%% This BibTeX bibliography file was created using BibDesk.
%% http://bibdesk.sourceforge.net/

%% Created for jonaprieto at 2017-05-29 14:15:53 -0500


%% Saved with string encoding Unicode (UTF-8)



@misc{cactus,
	Author = {Gerg{\H o} {\'E}rdi},
	Date-Added = {2017-05-29 18:07:16 +0000},
	Date-Modified = {2017-05-29 19:15:06 +0000},
	Howpublished = {https://gergo.erdi.hu/blog/2013-05-01-simply_typed_lambda_calculus_in_agda,_without_shortcuts/},
	Lastchecked = {29 May 2017},
	Month = {May},
	Rating = {4},
	Title = {Simply Typed Lambda Calculus in Agda, Without Shortcuts},
	Url = {https://gergo.erdi.hu/blog/2013-05-01-simply_typed_lambda_calculus_in_agda,_without_shortcuts/},
	Year = {2013},
	Bdsk-Url-1 = {https://gergo.erdi.hu/blog/2013-05-01-simply_typed_lambda_calculus_in_agda,_without_shortcuts/}}

@misc{nad,
	Author = {Nils Anders Danielsson},
	Date-Added = {2017-05-29 15:18:01 +0000},
	Date-Modified = {2017-05-29 19:15:45 +0000},
	Howpublished = {http://www.cse.chalmers.se/~nad/listings/simply-typed/SimplyTyped.TypeSystem.html},
	Lastchecked = {29 May 2017},
	Rating = {5},
	Read = {1},
	Title = {Normalisation for the simply typed lambda calculus},
	Url = {http://www.cse.chalmers.se/~nad/listings/simply-typed/SimplyTyped.TypeSystem.html},
	Bdsk-Url-1 = {https://gergo.erdi.hu/blog/2013-05-01-simply_typed_lambda_calculus_in_agda,_without_shortcuts/}}

@misc{pierce,
	Author = {Gerg{\H o} {\'E}rdi},
	Date-Added = {2017-05-29 15:13:13 +0000},
	Date-Modified = {2017-05-29 19:15:18 +0000},
	Howpublished = {http://www.seas.upenn.edu/~cis500/current/sf/Stlc.html},
	Lastchecked = {29 May 2017},
	Month = {Fall},
	Rating = {4},
	Title = {Software Foundations - Simply Typed Lambda Calculus},
	Url = {http://www.seas.upenn.edu/~cis500/current/sf/Stlc.html},
	Year = {2016},
	Bdsk-Url-1 = {http://www.seas.upenn.edu/~cis500/current/sf/Stlc.html}}

@book{barendregt2013lambda,
	Author = {Barendregt, Henk and Dekkers, Wil and Statman, Richard},
	Date-Added = {2017-05-29 14:57:55 +0000},
	Date-Modified = {2017-05-29 14:57:55 +0000},
	Publisher = {Cambridge University Press},
	Title = {Lambda calculus with types},
	Year = {2013}}
